@online{spectrum,
    author = {William F. Hanlon},
    title = {Cosmic Ray Spectra of Various Experiments},
    urldate = {2019-09-30},
    url = {http://www.physics.utah.edu/~whanlon/spectrum.html},
}

@misc{augerICRC2017,
    title={The Pierre Auger Observatory: Contributions to the 35th International Cosmic Ray Conference (ICRC 2017)},
    author={The Pierre Auger Collaboration and A. Aab and P. Abreu and M.
            Aglietta and I. F. M. Albuquerque and I. Allekotte and A. Almela
            and J. Alvarez Castillo and J. Alvarez-Muñiz and G. A. Anastasi and
            L. Anchordoqui and B. Andrada and S. Andringa and C. Aramo and N.
            Arsene and H. Asorey and P. Assis and J. Aublin and G. Avila and A.
            M. Badescu and A. Balaceanu and F. Barbato and R. J. Barreira Luz
            and K. H. Becker and J. A. Bellido and C. Berat and M. E. Bertaina
            and X. Bertou and P. L. Biermann and J. Biteau and S. G. Blaess and
            A. Blanco and J. Blazek and C. Bleve and M. Boháčová and D.
            Boncioli and C. Bonifazi and N. Borodai and A. M. Botti and J.
            Brack and I. Brancus and T. Bretz and A. Bridgeman and F. L.
            Briechle and P. Buchholz and A. Bueno and S. Buitink and M. Buscemi
            and K. S. Caballero-Mora and B. Caccianiga and L. Caccianiga and A.
            Cancio and F. Canfora and L. Caramete and R. Caruso and A.
            Castellina and F. Catalani and G. Cataldi and L. Cazon and A. G.
            Chavez and J. A. Chinellato and J. Chudoba and R. W. Clay and A.
            Cobos and R. Colalillo and A. Coleman and L. Collica and M. R.
            Coluccia and R. Conceição and G. Consolati and G. Consolati and F.
            Contreras and M. J. Cooper and S. Coutu and C. E. Covault and J.
            Cronin and S. D'Amico and B. Daniel and S. Dasso and K. Daumiller
            and B. R. Dawson and R. M. de Almeida and S. J. de Jong and G. De
            Mauro and J. R. T. de Mello Neto and I. De Mitri and J. de Oliveira
            and V. de Souza and J. Debatin and O. Deligny and M. L. Díaz Castro
            and F. Diogo and C. Dobrigkeit and J. C. D'Olivo and Q. Dorosti and
            R. C. dos Anjos and M. T. Dova and A. Dundovic and J. Ebr and R.
            Engel and M. Erdmann and M. Erfani and C. O. Escobar and J.
            Espadanal and A. Etchegoyen and H. Falcke and J. Farmer and G.
            Farrar and A. C. Fauth and N. Fazzini and F. Fenu and B. Fick and
            J. M. Figueira and A. Filipčič and M. M. Freire and T. Fujii and A.
            Fuster and R. Gaïor and B. García and F. Gaté and H. Gemmeke and A.
            Gherghel-Lascu and P. L. Ghia and U. Giaccari and M. Giammarchi and
            M. Giller and D. Głas and C. Glaser and G. Golup and M. Gómez
            Berisso and P. F. Gómez Vitale and N. González and A. Gorgi and A.
            F. Grillo and T. D. Grubb and F. Guarino and G. P. Guedes and R.
            Halliday and M. R. Hampel and P. Hansen and D. Harari and T. A.
            Harrison and A. Haungs and T. Hebbeker and D. Heck and P. Heimann
            and A. E. Herve and G. C. Hill and C. Hojvat and E. Holt and P.
            Homola and J. R. Hörandel and P. Horvath and M. Hrabovský and T.
            Huege and J. Hulsman and A. Insolia and P. G. Isar and I. Jandt and
            J. A. Johnsen and M. Josebachuili and J. Jurysek and A. Kääpä and
            O. Kambeitz and K. H. Kampert and B. Keilhauer and N. Kemmerich and
            E. Kemp and J. Kemp and R. M. Kieckhafer and H. O. Klages and M.
            Kleifges and J. Kleinfeller and R. Krause and N. Krohm and D.
            Kuempel and G. Kukec Mezek and N. Kunka and A. Kuotb Awad and B. L.
            Lago and D. LaHurd and R. G. Lang and M. Lauscher and R. Legumina
            and M. A. Leigui de Oliveira and A. Letessier-Selvon and I.
            Lhenry-Yvon and K. Link and D. Lo Presti and L. Lopes and R. López
            and A. López Casado and R. Lorek and Q. Luce and A. Lucero and M.
            Malacari and M. Mallamaci and D. Mandat and P. Mantsch and A. G.
            Mariazzi and I. C. Mariş and G. Marsella and D. Martello and H.
            Martinez and O. Martínez Bravo and J. J. Masías Meza and H. J.
            Mathes and S. Mathys and G. Matthiae and E. Mayotte and P. O. Mazur
            and C. Medina and G. Medina-Tanco and D. Melo and A. Menshikov and
            K. -D. Merenda and S. Michal and M. I. Micheletti and L. Middendorf
            and L. Miramonti and B. Mitrica and D. Mockler and S. Mollerach and
            F. Montanet and C. Morello and G. Morlino and M. Mostafá and A. L.
            Müller and G. Müller and M. A. Muller and S. Müller and R. Mussa
            and I. Naranjo and L. Nellen and P. H. Nguyen and M.
            Niculescu-Oglinzanu and M. Niechciol and L. Niemietz and T.
            Niggemann and D. Nitz and D. Nosek and V. Novotny and L. Nožka and
            L. A. Núñez and L. Ochilo and F. Oikonomou and A. Olinto and M.
            Palatka and J. Pallotta and P. Papenbreer and G. Parente and A.
            Parra and T. Paul and M. Pech and F. Pedreira and J. Pękala and R.
            Pelayo and J. Peña-Rodriguez and L. A. S. Pereira and M. Perlin and
            L. Perrone and C. Peters and S. Petrera and J. Phuntsok and R.
            Piegaia and T. Pierog and M. Pimenta and V. Pirronello and M.
            Platino and M. Plum and J. Poh and C. Porowski and R. R. Prado and
            P. Privitera and M. Prouza and E. J. Quel and S. Querchfeld and S.
            Quinn and R. Ramos-Pollan and J. Rautenberg and D. Ravignani and J.
            Ridky and F. Riehn and M. Risse and P. Ristori and V. Rizi and W.
            Rodrigues de Carvalho and G. Rodriguez Fernandez and J. Rodriguez
            Rojo and M. J. Roncoroni and M. Roth and E. Roulet and A. C. Rovero
            and P. Ruehl and S. J. Saffi and A. Saftoiu and F. Salamida and H.
            Salazar and A. Saleh and G. Salina and F. Sánchez and P.
            Sanchez-Lucas and E. M. Santos and E. Santos and F. Sarazin and R.
            Sarmento and C. Sarmiento-Cano and R. Sato and M. Schauer and V.
            Scherini and H. Schieler and M. Schimp and D. Schmidt and O.
            Scholten and P. Schovánek and F. G. Schröder and S. Schröder and A.
            Schulz and J. Schumacher and S. J. Sciutto and A. Segreto and R. C.
            Shellard and G. Sigl and G. Silli and R. Šmída and G. R. Snow and
            P. Sommers and S. Sonntag and J. F. Soriano and R. Squartini and D.
            Stanca and S. Stanič and J. Stasielak and P. Stassi and M.
            Stolpovskiy and F. Strafella and A. Streich and F. Suarez and M.
            Suarez Durán and T. Sudholz and T. Suomijärvi and A. D. Supanitsky
            and J. Šupík and J. Swain and Z. Szadkowski and A. Taboada and O.
            A. Taborda and V. M. Theodoro and C. Timmermans and C. J. Todero
            Peixoto and L. Tomankova and B. Tomé and G. Torralba Elipe and P.
            Travnicek and M. Trini and R. Ulrich and M. Unger and M. Urban and
            J. F. Valdés Galicia and I. Valiño and L. Valore and G. van Aar and
            P. van Bodegom and A. M. van den Berg and A. van Vliet and E.
            Varela and B. Vargas Cárdenas and R. A. Vázquez and D. Veberič and
            C. Ventura and I. D. Vergara Quispe and V. Verzi and J. Vicha and
            L. Villaseñor and S. Vorobiov and H. Wahlberg and O. Wainberg and
            D. Walz and A. A. Watson and M. Weber and A. Weindl and M.
            Wiedeński and L. Wiencke and H. Wilczyński and T. Winchen and M.
            Wirtz and D. Wittkowski and B. Wundheiler and L. Yang and A.
            Yushkov and E. Zas and D. Zavrtanik and M. Zavrtanik and A. Zepeda
            and B. Zimmermann and M. Ziolkowski and Z. Zong and F. Zuccarello},
    year={2017},
    eprint={1708.06592},
    archivePrefix={arXiv},
    primaryClass={astro-ph.HE},
}

@article{Gilmore2012,
    author = {Gilmore, Rudy C. and Somerville, Rachel S. and Primack, Joel R.
              and Domínguez, Alberto},
    title = "{Semi-analytic modelling of the extragalactic background light and
              consequences for extragalactic gamma-ray spectra}",
    journal = {Monthly Notices of the Royal Astronomical Society},
    year = {2012},
    doi = {10.1111/j.1365-2966.2012.20841.x},
}

@article{Fermi1949,
  title = {On the Origin of the Cosmic Radiation},
  author = {Fermi, Enrico},
  journal = {Phys. Rev.},
  year = {1949},
  doi = {10.1103/PhysRev.75.1169},
}

@book{Longair,
    author = {Longair, Malcom S.},
    title = {High Energy Astrophysics},
    year = {2011},
    chapter = {15,17},
    isbn = {978-0-521-75618-1},
}

@book{Gaisser,
    author = {Gaisser, Thomas K. and Engel, Ralph and Resconi, Elisa},
    title = {Cosmic Rays and Particle Physics},
    year = {2016},
    chapter = {10,12,17},
    isbn = {978-0-521-01646-9},
}

@manual{Eichmann,
    author = {Eichmann, Björn},
    title = {Beschleunigung und Propagation der kosmischen Strahlung},
    year = {2019},
    organization = {Ruhr-Universität Bochum},
}
